@book{introquote,
	author = "Ian Bogost",
	pages = "36--36",
	title = "How to Do Things with Vidoegames",
	year = "2011",
	publisher = "University of Minnesota Press"
}

@misc{mvgdef,
    url = "http://psp.about.com/od/pspglossary/a/Music-Game-Definition.html"
}

@misc{GHSales,
	url = "http://arstechnica.com/gaming/2009/01/guitar-hero-iii-first-game-to-reach-1-billion-in-sales/"
}

@article{melodydef,
	Author = "G. E. Poliner and D. P. W. Ellis and F. Ehmann and E. G\'{o}mez and S. Streich and B. Ong",
	Journal = "IEEE Trans. on Audio, Speech and Language Process",
	Number = "4",
	Numpages = "4",
	Pages = "564-- 575",
	Title = "Melody transcription from music audio: Approaches and evaluation",
	Volume = "15",
	Year = "2007"
}

@article{durrieu,
	Author = "J.-L. Durrieu and G. Richard and B. David and C. Fevotte",
	Journal = "IEEE Trans. on Audio, Speech and Language Process",
	Number = "3",
	Pages = "564-- 57",
	Title = "Source/filter model for unsupervised main melody extraction from polyphonic audio signals",
	Volume = "18",
	Year = "2010"
}

@misc {STFT,
	url = "http://www.originlab.com/index.aspx?go=Products/Origin/DataAnalysis/SignalProcessing/STFT"
}

@misc {controller,
	url = "http://www.pixelplayer.se/bilder/texter/rec_8576_1_20081117.jpeg"
}

@misc {ghscreen,
	url = "https://images-na.ssl-images-amazon.com/images/G/01/videogames/detail-page/gh3.lor.03.lg.jpg"
}

@article{salamon,
	Author = "J. Salamon and E. G\'{o}mez",
	Journal = "IEEE Trans. on Audio, Speech and Language Processing",
	Number = "6",
	Volume = "20",
	Year = "2012",
	Title = "Melody extraction from polyphonic music signals using pitch contour characteristics"
}

@misc {rhythmgame,
	url = "http://en.wikipedia.org/wiki/Rhythm_game"
}

@misc{DDR,
	url = "http://cdn-static.gamekult.com/gamekult-com/images/photos/00/00/34/99/ME0000349967_2.jpg
"
}

@misc{viterbi,
	url = "http://en.wikipedia.org/wiki/Viterbi_algorithm"
}

@article{comparison,
	Author = " J. Salamon and E. G\'{o}mez and D. P. W. Ellis and G. Richard"	,
	Journal = "IEEE Signal Processing Magazine",
	Number = "2",
	Volume = "31",
	Pages = "118-- 134",
	Year = "2014",
	Title = "Melody transcription from music audio: Approaches and evaluation"
}

@misc{vibrato,
	url = "http://en.wikipedia.org/wiki/Vibrato"
}

@book{filters,
	Author = "Julius O. Smith",
	Title = "Introduction to Digital Filters with Audio Applications",
	Year = "2007",
	Publisher = "W3K Publishing",
	url = "http://books.w3k.org/"	
}