@inbook{introquote,
	author = "I. Bogost",
	pages = "36",
	title = "How to Do Things with Vidoegames",
	year = "2011",
	publisher = "University of Minnesota Press",
}

@article{timber,
	author = "D. Wessel",
	title = "Timbre Space as a Musical Control Structure",
	journal = "Computer Music Journal",
	number = "3",
	year = "1979",
	pages = "45--52",
}

@conference{Foote, 
	author = "J. Foote",
	title = "Visualizing Music and Audio Using Self Similarity",
	journal = "Proc. of the 7th ACM International Conf. on Multimedia",
	pages = "77--80",
	year = "1999",
	address = "Orlando, Florida, USA",
}

@conference{FooteCooper,
	author = "J. Foote and M. Cooper",
	title = "Media segmentation using self-similarity decomposition",
	journal = "Proc. of SPIE Storage and Retrieval for Multimedia Database",
	number = "5021",
	pages = "167--175",
	year = "2003",
	address = "San Jose, California, USA",
}

@conference{Peeters,
	author = "G. Peeters and A. La Burthe and X. Rodet",
	title = "Toward Automatic Music Audio Summary Generation from Signal Analysis",
	journal = "Proc. of the 3rd International Society of Music Information Retrieval",
	year = "2002",
	pages = "94--100",
	address = "Paris, France",
}

@conference{Sikora,
	author = "F. Kaiser and T. Sikora",
	title = "Music Structure Discovery in Popular Music Using Non-Negative Matrix Factorization",
 	journal = "Proc. of the 11th International Society of Music Information Retrieval",
	year = "2010",
 	pages = "429--434",
 	address = "Utrecht, The Netherlands",
 }
 
 @conference{Nieto,
 	journal = "IEEE International Conference on Acoustics, Speech and Signal Processing (ICASSP)",
 	pages = "236--240",
 	author = "O. Nieto and T. Jehan",
 	title = "Convex Non-Negative Matrix Factorization For Automatic Music Structure Identification",
 	year = "2013",
 	address = "Vancouver, British Columbia, Canada",
 }

@conference{segmentsupervised,
	author = "D. Turnbull and G. Lanckriet and E. Pampalk and M. Goto",
    title = "A Supervised Approach for Detecting Boundaries in Music Using Difference Features and Boosting",
    journal = "In Proceedings of the 8th International Conference on Music Information Retrieval (ISMIR)",
    year = "2007",
    pages = "51--54",
    address = "Vienna, Austria",
}

@article{Russell,
	author = "J. A. Russell",
	title = "A Circumplex Model of Affect",
	Journal = "Journal of Personality and Social Psychology",
	volume = "39",
	number = 6,
	year = "1980",
	pages = "1161--1178",
}

@article{spectralenergy,
	author = "S. Ferguson and D. T. Kenny and D. Cabrera",
	title = "Effects of Training on Time-Varying Spectral Energy and Sound Pressure Level in Nine Male Classical Singers",
	journal = "Journal of Voice",
	volume = "24",
	number = "1",
	year = "2010",
	pages = "39--46",
}

@book {Thayer,
	author = "R. E. Thayer",
	title = "The Biopsychology of Mood and Arousal",
	publisher = "Oxford University Press",
	year = "1989",
}

@book{mfcc,
	author = "M. Müller",
	year = "2007",
	pages = "65",
	title = "Information Retrieval for Music and Motion",
	publisher = "Springer",
}

@book {strophic,
	author = "W. Duckworth",
	title = "A Creative Approach to Music Fundamentals",
	year = "2012",
	pages = "319",
	publisher = "Schirmer",
}

@misc{mvgdef,
	Title = "Music Video Game Definition", 
	note = "Accessed: 2015-06-01",
    url = "http://psp.about.com/od/pspglossary/a/Music-Game-Definition.html",
}

@misc{keys,
	Title = "Affective Key Characteristics",
	note = "Accessed: 2015-06-01",
	url = "http://www.wmich.edu/mus-theo/courses/keys.html",
}

@misc{GHSales,
	Title = "Guitar Hero sales article",
    note = "Accessed: 2015-06-01",
	url = "http://arstechnica.com/gaming/2009/01/guitar-hero-iii-first-game-to-reach-1-billion-in-sales/",
}

@article{melodydef,
	Author = "G. E. Poliner and D. P. W. Ellis and F. Ehmann and E. G\'{o}mez and S. Streich and B. Ong",
	Journal = "IEEE Trans. on Audio, Speech and Language Process",
	Number = "4",
	Numpages = "4",
	Pages = "564-- 575",
	Title = "Melody Transcription from Music Audio: Approaches and Evaluation",
	Volume = "15",
	Year = "2007"
}

@misc{soundspectrum,
	title = "A Brief Story of How We Know About Primordial Sound, 
and how we make it audible",
	author = "Mark Whittle, University of Virginia",
	url = "http://www.astro.virginia.edu/~dmw8f/BBA_web/unit05/unit5.html",
	year = "2005",
	note = "Accessed: 2015-06-01",
}

@article{firstNN,
	author = "W. S. McCulloch and W. Pitts",
	title = "A Logical Calculus of the Ideas Immanent in Nervous Activity",
	journal = "The Bulletin of Mathematical Biophysics", 
	year = "1943",
	volume = "5",
	number = "4",
	pages = "115--133",
}

@article{durrieu,
	Author = "J.-L. Durrieu and G. Richard and B. David and C. Fevotte",
	Journal = "IEEE Trans. on Audio, Speech and Language Process",
	Number = "3",
	Pages = "564-- 57",
	Title = "Source/filter Model for Unsupervised Main Melody Extraction from Polyphonic Audio Signals",
	Volume = "18",
	Year = "2010"
}

@misc {STFT,
	Title = "Short Time Fourier Transform",
    note = "Accessed: 2015-06-01",
	url = "http://www.originlab.com/index.aspx?go=Products/Origin/DataAnalysis/SignalProcessing/STFT",
}

@misc {controller,
	Title = "Guitar Hero controller photo",
    note = "Accessed: 2015-06-01",
	url = "http://www.pixelplayer.se/bilder/texter/rec_8576_1_20081117.jpeg",
}

@misc {ghscreen,
	Title = "Guitar Hero screenshot",
	note = "Accessed: 2015-06-01",
	url = "https://images-na.ssl-images-amazon.com/images/G/01/videogames/detail-page/gh3.lor.03.lg.jpg",
}

@article{salamon,
	Author = "J. Salamon and E. G\'{o}mez",
	Journal = "IEEE Trans. on Audio, Speech and Language Processing",
	Number = "6",
	Volume = "20",
	Year = "2012",
	Title = "Melody Extraction from Polyphonic Music Signals Using Pitch Contour Characteristics",
}

@article{physicalmood,
	Author = "J. Kim and E. Andr\'{e}",
	Journal = "IEEE Transactions on Pattern Analysis and Machine Intelligence",
	Number = "30",
	Pages = "2067--2083",
	Tear = "2008",
	Title = "Emotion Recognition Based on Physiological Changes in Music",
}

@article{essentia,
	Author = "D. Bogdanov and N. Wack and E. Gómez and S. Gulati and P. Herrera and O. Mayor and et al",
	Year = "2013",
	Journal = "International Society for Music Information Retrieval Conference (ISMIR 13)",
	Pages = "493--498",
	Title = "ESSENTIA: an Audio Analysis Library for Music Information Retrieval",
}

@misc {rhythmgame,
	Title = "Rhythm game definition",
    note = "Accessed: 2015-06-01",
	url = "http://en.wikipedia.org/wiki/Rhythm_game",
}

@misc{DDR,
	Title = "Dance Dance Revolution screenshort.",
    note = "Accessed: 2015-06-01",
	url = "http://cdn-static.gamekult.com/gamekult-com/images/photos/00/00/34/99/ME0000349967_2.jpg",
}

@article{viterbi,
	author = "A. J, Viterbi",
	title = "Error Bounds for Convolutional Codes and an Asymptotically Optimum Decoding Algorithm",
	journal = "IEEE Transactions on Information Theory",
	volume = "13",
	number = "2",
	pages = "260--269",
	note = "Section IV",
	year = "1967",
}

@misc{mostcommon,
	Title = "aihorizon",
	note = "Accessed: 2015-06-01",
     url =  "http://www.aihorizon.com/essays/generalai/supervised_unsupervised_machine_learning.html",
}


@article{comparison,
	Author = " J. Salamon and E. G\'{o}mez and D. P. W. Ellis and G. Richard"	,
	Journal = "IEEE Signal Processing Magazine",
	Number = "2",
	Volume = "31",
	Pages = "118-- 134",
	Year = "2014",
	Title = "Melody Extraction from Polyphonic Music Signals: Approaches, Applications and Challenges",
}

@misc{vibrato,
	Title = "Vibrato definition",
    note = "Accessed: 2015-06-01",
	url = "http://en.wikipedia.org/wiki/Vibrato",
}

@book{filters,
	Author = "Julius O. Smith",
	Title = "Introduction to Digital Filters with Audio Applications",
	Year = "2007",
	Publisher = "W3K Publishing",
	url = "http://books.w3k.org/"	
}

@conference{moodold,
	Author = "Y. Feng and Y. Zhuang and Y. Pan",
	Title = "Music Information Retrieval by Detecting Mood via Computational Media Aesthetics",
	Journal = "Proceedings of the 2003 IEEE/WIC International Conference on Wev Intelligence",
	pages = "235-- 241",
	Year = "2003",
	address = "Washington, DC, USA",
}

@article{mood,
	Author = "Y. Yang and Y. Lin and Y. Su and H. H. Chen",
	Title = "A Regression Approach to Music Emotion Recognition",
	Journal = "Audio, Speech, and Language Processing, IEEE Transactions on",
	Pages = "448-- 457",
	Year = "2008",
	Number = "2",
	Volume = "16",
}

@misc{gametypes,
	Title = "Music Video Game types",
    note = "Accessed: 2015-06-01",
	url = "http://en.wikipedia.org/wiki/Music_video_game",
}

@misc{is,
	Title = "Internal Section screenshot",
	note = "Accessed: 2015-06-01",
	url = "http://www.hardcoregaming101.net/internalsection/is2.jpg",
}

@misc{simtunes,
	Title = "SimTunes screenshot",
	note = "Accessed: 2015-06-01",
	url = "http://i.ytimg.com/vi/9CLYALO930k/hqdefault.jpg",
}

@inproceedings{1000songs,
	author = {Soleymani{,} Mohammad and Caro{,} Micheal N. and Schmidt{,} Erik M. and Sha{,} Cheng-Ya
and Yang, Yi-Hsuan},
	title = {1000 Songs for Emotional Analysis of Music},
	booktitle = {Proceedings of the 2Nd ACM International Workshop on Crowdsourcing for Multimedia}, series = {CrowdMM ’13},
	year = {2013},
	isbn = {978-1-4503-2396-3},
	location = {Barcelona, Spain},
	pages = {1--6},
	url = {http://doi.acm.org/10.1145/2506364.2506365},
	doi = {10.1145/2506364.2506365},
	publisher = {ACM},
	address = {New York, NY, USA},
}

@misc{swiftintro,
	Title = "Swift Documentation",
    note = "Accessed: 2015-06-01",
	url = "https://developer.apple.com/library/ios/documentation/Swift/Conceptual/Swift_Programming_Language/index.html#//apple_ref/doc/uid/TP40014097-CH3-ID0",
}

@misc{spritekit,
	Title = "Sprite Kit Documentation",
	note = "Accessed: 2015-06-01",
	url = "https://developer.apple.com/library/ios/documentation/GraphicsAnimation/Conceptual/SpriteKit_PG/Introduction/Introduction.html",
}

@book{polyphonic,
	title = "Collins English Dictionary",
	publisher = "Collins",
	note = "Ninth edition",
	year = " 2007",
}

@misc{kcluster,
	Title = "Clustering Algorithms, CS345a: Data Mining, Stanford University",
	url = "http://web.stanford.edu/class/cs345a/slides/12-clustering.pdf",
	year = "2015",
	month = "May",
}

@book{wavelet,
	title = "Spectral Audio Signal Processing",
	author = "J. O. Smith III",
	publisher = "W3K Publishing",
	year =  "2011",
}

@article{constantQ,
	title = "An efficient algorithm for the calculation of a constant Q transform",
	author = "J. C. Brown and M. S. Puckette",
	year = 1992,
	journal = "The Journal of the Acoustical Society of America",
	volume = "92",
	number = "5",
}
